


%Quellenangabe: Zitiert wird entsprechen der unten angegebenen Beispiele. Die Seitenzahl ist bei jedem Quellenverweis zu benennen. Hat eine Quelle mehrere als drei Autoren, so wird der Erstautor namentlich benannt, gefolgt von „et al.“. 

%FRANZ (2002, S. 257 - 258) definieren Risiken als …  (Abbildung 3.1). Im Gegensatz dazu sagt HANS UND MÜLLER (2007a, S. 55), dass …. Die Autoren sind sich in dem Punkt der… einig, weisen aber Differenzen bei der Umsetzung auf (MUSTERMANN 2007, S. 45; Musterfrau 2009, S. 88). MEIER ET AL. (2005, S. 7) verweisen auf…
%„Den Studierenden wird empfohlen, sich ihrer Diplomarbeit gewissenhaft anzunehmen.“ (DOKTORAND 2010, S. 1810).



%Das Literaturverzeichnis beinhaltet alle zitierten Schriften. Quellen die nicht im Text oder als Fußnote zitiert werden, dürfen nicht ins Literaturverzeichnis aufgenommen werden. Um zu gewährleisten dass die Autoren möglichst schnell auffindbar sind, sind diese alphabetisch zu ordnen.
%Werden mehrere Veröffentlichungen eines Autors zitiert, so sind diese chronologisch aufsteigend zu sortieren.
%Die Literaturangabe sollte grundsätzlich in der Reihenfolge Autor, Titel, Verlagsort, Verlag, Erscheinungsjahr angegeben werden.







@article{becker2008a,
  author = {Steffen Becker and Heiko Koziolek and Ralf Reussner},
  title = {{The Palladio Component Model for Model-driven Performance Prediction}},
  journal = {Journal of Systems and Software},
  year = {2009},
  volume = {82},
  pages = {3--22},
  doi = {10.1016/j.jss.2008.03.066},
  publisher = {Elsevier Science Inc.},
  url = {http://dx.doi.org/10.1016/j.jss.2008.03.066}
}

@article{mittelbach2014,
  author = {Frank Mittelbach},
  title = {How to influence the position of float environments like figure and table in \LaTeX?},
  journal = {TUGboat},
  year = {2014},
  volume = {35},
  pages = {248--254},
  url = {https://www.latex-project.org/publications/tb111mitt-float.pdf},
}

@article{OliZitat1,
author = {Luke, Rose and Heyns, Gert J.},
doi = {10.1016/j.trpro.2020.08.095},
file = {:Users/jonathandoffert/Downloads/1-s2.0-S2352146520305111-main.pdf:pdf},
issn = {23521465},
journal = {Transportation Research Procedia},
keywords = {Public transport,SERVQUAL,South Africa,service quality},
mendeley-groups = {SERVQUAL,Oli},
number = {2019},
pages = {3562--3576},
publisher = {Elsevier B.V.},
title = {{An analysis of the quality of public transport in Johannesburg, South Africa using an adapted SERVQUAL model}},
url = {https://doi.org/10.1016/j.trpro.2020.08.095},
volume = {48},
year = {2020}
}

@report{ahrens2011,
   author = {Tilo Arens and Frank Hettlich and Christian Karpfi and Ulrich Kockelkorn and Klaus Lichtenegger and Hellmuth Stachel},
   title = {Mathematik 3. Aufl age},
}





